<?xml version="1.0" encoding="UTF-8"?><collection xmlns="http://www.loc.gov/MARC21/slim"><record><leader>00695nam--2200181-i-4500</leader><controlfield tag="001">000009677</controlfield><controlfield tag="002">20161230</controlfield><controlfield tag="005">20161230201028</controlfield><controlfield tag="008">060222s1000------------r-----000-0-eng-d</controlfield><datafield ind1=" " ind2=" " tag="040"><subfield code="a">IFIN-HH</subfield></datafield><datafield ind1=" " ind2=" " tag="080"><subfield code="a">535</subfield></datafield><datafield ind1="1" ind2=" " tag="100"><subfield code="a">Vienot, J.-ch</subfield></datafield><datafield ind1="1" ind2="0" tag="245"><subfield code="a">Applications de l'holographie. applications of holography</subfield><subfield code="b">Comptes rendus du symposium international d'holographie. proceedings of the internatinal symposium of holohraphy. besancon, 6-11 juillet 1970</subfield><subfield code="c">J.-ch vienot, j. bulabois, j. pasteur</subfield></datafield><datafield ind1=" " ind2=" " tag="260"><subfield code="a">Besancon</subfield><subfield code="b">Laboratoire De Physique Generale Et Optique, Universite De Besancon</subfield><subfield code="c">1970</subfield></datafield><datafield ind1=" " ind2=" " tag="300"><subfield code="a">PAG.DIF</subfield></datafield><datafield ind1="1" ind2=" " tag="700"><subfield code="a">Pasteur, J</subfield></datafield><datafield ind1=" " ind2=" " tag="852"><subfield code="a">34818</subfield><subfield code="c">535</subfield></datafield><datafield ind1=" " ind2=" " tag="CAT"><subfield code="a">Sys</subfield><subfield code="c">20101028</subfield><subfield code="h">121814</subfield></datafield></record></collection>